<?xml version="1.0" encoding="UTF-8"?><record xmlns="http://www.loc.gov/MARC21/slim" xmlns:cinclude="http://apache.org/cocoon/include/1.0" xmlns:zs="http://www.loc.gov/zing/srw/">
  <leader>00401nz  a2200121n  4500</leader>
  <controlfield tag="001">n 2007074204</controlfield>
  <controlfield tag="003">DLC</controlfield>
  <controlfield tag="005">20071017075045.0</controlfield>
  <controlfield tag="008">071016n| acannaabn          |n ana      </controlfield>
  <datafield tag="010" ind1=" " ind2=" ">
    <subfield code="a">n 2007074204</subfield>
  </datafield>
  <datafield tag="040" ind1=" " ind2=" ">
    <subfield code="a">DLC</subfield>
    <subfield code="b">eng</subfield>
    <subfield code="c">DLC</subfield>
  </datafield>
  <datafield tag="110" ind1="2" ind2=" ">
    <subfield code="a">Douglas County Genealogical Society (Douglas County, Ga.)</subfield>
  </datafield>
  <datafield tag="670" ind1=" " ind2=" ">
    <subfield code="a">The heritage of Douglas County, Georgia, 1870-2002, c2003:</subfield>
    <subfield code="b">p. v (Douglas County Genealogical Society)</subfield>
  </datafield>
</record>